@online{blockchain1,
    author = "Giuseppe Vanni",
    title = "Blockchain: cos'Ã¨, come funziona, tecnologia e applicazioni",
    url  = "https://www.punto-informatico.it/blockchain-spiegazione/#h222751-0",
    keywords = "blockchain"
}

@online{nodo,
    author = "Jimi S.",
    title = "Blockchain: What are nodes and masternodes?",
    url  = "https://medium.com/coinmonks/blockchain-what-is-a-node-or-masternode-and-what-does-it-do-4d9a4200938f",
    keywords = "blockchain, node"
}

@online{smartcontracts,
    author = "IBM",
    title = "What are smart contracts on blockchain?",
    url  = "https://www.ibm.com/topics/smart-contracts",
    keywords = "blockchain, smartcontracts"
}

@online{openzeppelin,
    author = "OpenZeppelin",
    title = "OpenZeppelin docs",
    url  = "https://docs.openzeppelin.com/contracts/4.x/",
    keywords = "openzeppelin, smart contracts"
}

@online{metamask,
    author = "Metamask",
    title = "Metamask docs",
    url  = "https://docs.metamask.io/guide/",
    keywords = "metamask, blockchain"
}

@online{reactjs,
    author = "Facebook",
    title = "React docs",
    url  = "https://it.reactjs.org/docs/getting-started.html",
    keywords = "react"
}

@online{materialui,
    author = "Mui-org",
    title = "Material-UI docs",
    url  = "https://v4.mui.com/customization/components/",
    keywords = "material-ui"
}

@online{truffle,
    author = "Truffle suite",
    title = "Truffle suite docs",
    url  = "https://www.trufflesuite.com/docs",
    keywords = "truffle, ganache, blockchain"
}